@misc{swingDoc,
  key = {swing},
  title = {Swing},
  note = {\url{https://docs.oracle.com/javase/tutorial/uiswing/index.html}}
}
@misc{openclassroomSite,
  key = {openclassroom},
  author = {Cyrille,Herby},
  title = {OpenClassroom},
  note = {\url{https://openclassrooms.com/fr/courses/26832-apprenez-a-programmer-en-java}}
}
